%publications
%
@article{MySurvey,
  title={Deep Learning for Anomaly Detection: A Survey},
  author={Chalapathy, Raghavendra and Chawla, Sanjay},
  journal={ACM Computing Surveys (Forthcoming)},
  year={2018}
  }


@inproceedings{Chalapathy2016AnIO,
  title={An Investigation of Recurrent Neural Architectures for Drug Name Recognition},
  author={Raghavendra Chalapathy and Ehsan Zare Borzeshi and Massimo Piccardi},
  booktitle={Louhi@EMNLP},
  year={2016}
}

@article{DGM,
  title={Group Anomaly Detection using Deep Generative Models},
  author={Chalapathy, Raghavendra and Toth, Edward and Chawla, Sanjay},
  journal={Proceedings of the International ECML/PKDD Conference},
   location = {Dublin, Ireland},
  year={2018}
  }


%GTD
@article{GTD,
 author = {Toth, Edward and Chawla, Sanjay},
 title = {GT {$\Delta$} : Detecting Temporal Changes in Group Stochastic Processes},
 journal = {ACM Trans. Knowl. Discov. Data},
 issue_date = {June 2018},
 volume = {12},
 number = {4},
 month = apr,
 year = {2018},
 issn = {1556-4681},
 pages = {39:1--39:24},
 articleno = {39},
 numpages = {24},
 url = {http://doi.acm.org/10.1145/3183346},
 doi = {10.1145/3183346},
 acmid = {3183346},
 publisher = {ACM},
 address = {New York, NY, USA},
 keywords = {Group change detection, anomaly detection, time series analysis}
}
