@inproceedings{Lopez-Paz:2014,
 author = {Lopez-Paz, David and Sra, Suvrit and Smola, Alexander J. and Ghahramani, Zoubin and Sch\"{o}lkopf, Bernhard},
 title = {Randomized Nonlinear Component Analysis},
 booktitle = {International Conference on Machine Learning (ICML)},
 year = {2014}
}

@book{hawkins1980identification,
  title={Identification of outliers},
  author={Hawkins, Douglas M},
  volume={11},
  year={1980},
  publisher={Springer}
}

@article{hochreiter1997long,
  title={Long short-term memory},
  author={Hochreiter, Sepp and Schmidhuber, J{\"u}rgen},
  journal={Neural computation},
  volume={9},
  number={8},
  pages={1735--1780},
  year={1997},
  publisher={MIT Press}
}

@article{kingma2014adam,
  title={Adam: A method for stochastic optimization},
  author={Kingma, Diederik P and Ba, Jimmy},
  journal={arXiv preprint arXiv:1412.6980},
  year={2014}
}

@article{clevert2015fast,
  title={Fast and accurate deep network learning by exponential linear units (elus)},
  author={Clevert, Djork-Arn{\'e} and Unterthiner, Thomas and Hochreiter, Sepp},
  journal={arXiv preprint arXiv:1511.07289},
  year={2015}
}

@inproceedings{ioffe2015batch,
  title={Batch normalization: Accelerating deep network training by reducing internal covariate shift},
  author={Ioffe, Sergey and Szegedy, Christian},
  booktitle={International conference on machine learning},
  pages={448--456},
  year={2015}
}

@article{li2017cifar10,
  title={CIFAR10-DVS: An Event-Stream Dataset for Object Classification},
  author={Li, Hongmin and Liu, Hanchao and Ji, Xiangyang and Li, Guoqi and Shi, Luping},
  journal={Frontiers in neuroscience},
  volume={11},
  pages={309},
  year={2017},
  publisher={Frontiers}
}

@inproceedings{srivastava2015unsupervised,
  title={Unsupervised learning of video representations using lstms},
  author={Srivastava, Nitish and Mansimov, Elman and Salakhudinov, Ruslan},
  booktitle={International conference on machine learning},
  pages={843--852},
  year={2015}
}

@inproceedings{andrews2016transfer,
  title={Transfer representation-learning for anomaly detection},
  author={Andrews, Jerone TA and Tanay, Thomas and Morton, Edward J and Griffin, Lewis D},
  year={2016},
  organization={ICML}
}
@inproceedings{stallkamp2011german,
  title={The German traffic sign recognition benchmark: a multi-class classification competition},
  author={Stallkamp, Johannes and Schlipsing, Marc and Salmen, Jan and Igel, Christian},
  booktitle={Neural Networks (IJCNN), The 2011 International Joint Conference on},
  pages={1453--1460},
  year={2011},
  organization={IEEE}
}






@article{radford2015unsupervised,
  title={Unsupervised representation learning with deep convolutional generative adversarial networks},
  author={Radford, Alec and Metz, Luke and Chintala, Soumith},
  journal={arXiv preprint arXiv:1511.06434},
  year={2015}
}

@article{brendel2017decision,
  title={Decision-based adversarial attacks: Reliable attacks against black-box machine learning models},
  author={Brendel, Wieland and Rauber, Jonas and Bethge, Matthias},
  journal={arXiv preprint arXiv:1712.04248},
  year={2017}
}

@InProceedings{pmlrv80ruff18a,
  title =    {Deep One-Class Classification},
  author =   {Ruff, Lukas and Vandermeulen, Robert and Goernitz, Nico and Deecke, Lucas and Siddiqui, Shoaib Ahmed and Binder, Alexander and M{\"u}ller, Emmanuel and Kloft, Marius},
  booktitle =    {Proceedings of the 35th International Conference on Machine Learning},
  pages =    {4393--4402},
  year =   {2018},
  editor =   {Dy, Jennifer and Krause, Andreas},
  volume =   {80},
  series =   {Proceedings of Machine Learning Research},
  address =    {Stockholmsmässan, Stockholm Sweden},
  month =    {10--15 Jul},
  publisher =    {PMLR},
  pdf =    {http://proceedings.mlr.press/v80/ruff18a/ruff18a.pdf},
  url =    {http://proceedings.mlr.press/v80/ruff18a.html},
  abstract =   {Despite the great advances made by deep learning in many machine learning problems, there is a relative dearth of deep learning approaches for anomaly detection. Those approaches which do exist involve networks trained to perform a task other than anomaly detection, namely generative models or compression, which are in turn adapted for use in anomaly detection; they are not trained on an anomaly detection based objective. In this paper we introduce a new anomaly detection method—Deep Support Vector Data Description—, which is trained on an anomaly detection based objective. The adaptation to the deep regime necessitates that our neural network and training procedure satisfy certain properties, which we demonstrate theoretically. We show the effectiveness of our method on MNIST and CIFAR-10 image benchmark datasets as well as on the detection of adversarial examples of GTSRB stop signs.}
}
@article{radford2015unsupervised,
  title={Unsupervised representation learning with deep convolutional generative adversarial networks},
  author={Radford, Alec and Metz, Luke and Chintala, Soumith},
  journal={arXiv preprint arXiv:1511.06434},
  year={2015}
}
@inproceedings{masci2011stacked,
  title={Stacked convolutional auto-encoders for hierarchical feature extraction},
  author={Masci, Jonathan and Meier, Ueli and Cire{\c{s}}an, Dan and Schmidhuber, J{\"u}rgen},
  booktitle={International Conference on Artificial Neural Networks},
  pages={52--59},
  year={2011},
  organization={Springer}
}
@article{parzen1962estimation,
  title={On estimation of a probability density function and mode},
  author={Parzen, Emanuel},
  journal={The annals of mathematical statistics},
  volume={33},
  number={3},
  pages={1065--1076},
  year={1962},
  publisher={JSTOR}
}

@article{andrews2016detecting,
  title={Detecting anomalous data using auto-encoders},
  author={Andrews, Jerone TA and Morton, Edward J and Griffin, Lewis D},
  journal={International Journal of Machine Learning and Computing},
  volume={6},
  number={1},
  pages={21},
  year={2016},
  publisher={IACSIT Press}
}

@inproceedings{chen2017outlier,
  title={Outlier detection with autoencoder ensembles},
  author={Chen, Jinghui and Sathe, Saket and Aggarwal, Charu and Turaga, Deepak},
  booktitle={Proceedings of the 2017 SIAM International Conference on Data Mining},
  pages={90--98},
  year={2017},
  organization={SIAM}
}

@article{marchi2017deep,
  title={Deep Recurrent Neural Network-Based Autoencoders for Acoustic Novelty Detection},
  author={Marchi, Erik and Vesperini, Fabio and Squartini, Stefano and Schuller, Bj{\"o}rn},
  journal={Computational intelligence and neuroscience},
  volume={2017},
  year={2017},
  publisher={Hindawi}
}

@inproceedings{chong2017abnormal,
  title={Abnormal event detection in videos using spatiotemporal autoencoder},
  author={Chong, Yong Shean and Tay, Yong Haur},
  booktitle={International Symposium on Neural Networks},
  pages={189--196},
  year={2017},
  organization={Springer}
}

@article{chatfield2014return,
  title={Return of the devil in the details: Delving deep into convolutional nets},
  author={Chatfield, Ken and Simonyan, Karen and Vedaldi, Andrea and Zisserman, Andrew},
  journal={arXiv preprint arXiv:1405.3531},
  year={2014}
}


@article{neumann2005combined,
  title={Combined SVM-based feature selection and classification},
  author={Neumann, Julia and Schn{\"o}rr, Christoph and Steidl, Gabriele},
  journal={Machine learning},
  volume={61},
  number={1-3},
  pages={129--150},
  year={2005},
  publisher={Springer}
}

@article{cao2003comparison,
  title={A comparison of PCA, KPCA and ICA for dimensionality reduction in support vector machine},
  author={Cao, LJ and Chua, Kok Seng and Chong, WK and Lee, HP and Gu, QM},
  journal={Neurocomputing},
  volume={55},
  number={1-2},
  pages={321--336},
  year={2003},
  publisher={Elsevier}
}


@article{russakovsky2015imagenet,
  title={Imagenet large scale visual recognition challenge},
  author={Russakovsky, Olga and Deng, Jia and Su, Hao and Krause, Jonathan and Satheesh, Sanjeev and Ma, Sean and Huang, Zhiheng and Karpathy, Andrej and Khosla, Aditya and Bernstein, Michael and others},
  journal={International Journal of Computer Vision},
  volume={115},
  number={3},
  pages={211--252},
  year={2015},
  publisher={Springer}
}

@inproceedings{srivastava2015unsupervised,
  title={Unsupervised learning of video representations using lstms},
  author={Srivastava, Nitish and Mansimov, Elman and Salakhudinov, Ruslan},
  booktitle={International conference on machine learning},
  pages={843--852},
  year={2015}
}

@article{hochreiter1997long,
  title={Long short-term memory},
  author={Hochreiter, Sepp and Schmidhuber, J{\"u}rgen},
  journal={Neural computation},
  volume={9},
  number={8},
  pages={1735--1780},
  year={1997},
  publisher={MIT Press}
}

@article{arora2016understanding,
  title={Understanding deep neural networks with rectified linear units},
  author={Arora, Raman and Basu, Amitabh and Mianjy, Poorya and Mukherjee, Anirbit},
  journal={arXiv preprint arXiv:1611.01491},
  year={2016}
}

@article{asgari2015continuous,
  title={Continuous distributed representation of biological sequences for deep proteomics and genomics},
  author={Asgari, Ehsaneddin and Mofrad, Mohammad RK},
  journal={PloS one},
  volume={10},
  number={11},
  pages={e0141287},
  year={2015},
  publisher={Public Library of Science}
}

@inproceedings{srivastava2015unsupervised,
  title={Unsupervised learning of video representations using lstms},
  author={Srivastava, Nitish and Mansimov, Elman and Salakhudinov, Ruslan},
  booktitle={International conference on machine learning},
  pages={843--852},
  year={2015}
}

@inproceedings{liu2008isolation,
  title={Isolation forest},
  author={Liu, Fei Tony and Ting, Kai Ming and Zhou, Zhi-Hua},
  booktitle={Data Mining, 2008. ICDM'08. Eighth IEEE International Conference on},
  pages={413--422},
  year={2008},
  organization={IEEE}
}


@article{xu2015learning,
  title={Learning deep representations of appearance and motion for anomalous event detection},
  author={Xu, Dan and Ricci, Elisa and Yan, Yan and Song, Jingkuan and Sebe, Nicu},
  journal={arXiv preprint arXiv:1510.01553},
  year={2015}
}


@inproceedings{kolosnjaji2016deep,
  title={Deep learning for classification of malware system call sequences},
  author={Kolosnjaji, Bojan and Zarras, Apostolis and Webster, George and Eckert, Claudia},
  booktitle={Australasian Joint Conference on Artificial Intelligence},
  pages={137--149},
  year={2016},
  organization={Springer}
}


@article{nonlinear-PCAHybrid,
author = {Chong Su and Yue Gao and Yuxiao Xie and Yong Xue and Lijun Ge and Hongguang Li},
title = {A hybrid classifier based on nonlinear-PCA and deep belief networks with applications in dysphagia diagnosis},
journal = {Computer Assisted Surgery},
volume = {22},
number = {sup1},
pages = {135-147},
year  = {2017},
publisher = {Taylor & Francis},
doi = {10.1080/24699322.2017.1389391},
    note ={PMID: 29095063},
URL = {
        https://doi.org/10.1080/24699322.2017.1389391
},
eprint = {
        https://doi.org/10.1080/24699322.2017.1389391
}
}


@article{sohaib2017hybrid,
  title={A Hybrid Feature Model and Deep-Learning-Based Bearing Fault Diagnosis},
  author={Sohaib, Muhammad and Kim, Cheol-Hong and Kim, Jong-Myon},
  journal={Sensors},
  volume={17},
  number={12},
  pages={2876},
  year={2017},
  publisher={Multidisciplinary Digital Publishing Institute}
}


@article{you2017hybrid,
  title={A hybrid technique based on convolutional neural network and support vector regression for intelligent diagnosis of rotating machinery},
  author={You, Wei and Shen, Changqing and Guo, Xiaojie and Jiang, Xingxing and Shi, Juanjuan and Zhu, Zhongkui},
  journal={Advances in Mechanical Engineering},
  volume={9},
  number={6},
  pages={1687814017704146},
  year={2017},
  publisher={SAGE Publications Sage UK: London, England}
}

@inproceedings{krawczyk2016hybrid,
  title={Hybrid One-Class Ensemble for High-Dimensional Data Classification},
  author={Krawczyk, Bartosz},
  booktitle={Asian Conference on Intelligent Information and Database Systems},
  pages={136--144},
  year={2016},
  organization={Springer}
}


@article{song2017hybrid,
  title={A Hybrid Semi-Supervised Anomaly Detection Model for High-Dimensional Data},
  author={Song, Hongchao and Jiang, Zhuqing and Men, Aidong and Yang, Bo},
  journal={Computational intelligence and neuroscience},
  volume={2017},
  year={2017},
  publisher={Hindawi}
}

@inproceedings{schlegl2017unsupervised,
  title={Unsupervised Anomaly Detection with Generative Adversarial Networks to Guide Marker Discovery},
  author={Schlegl, Thomas and Seeb{\"o}ck, Philipp and Waldstein, Sebastian M and Schmidt-Erfurth, Ursula and Langs, Georg},
  booktitle={International Conference on Information Processing in Medical Imaging},
  pages={146--157},
  year={2017},
  organization={Springer}
}

@inproceedings{jiulong2017detecting,
  title={Detecting Chinese calligraphy style consistency by deep learning and one-class SVM},
  author={Jiulong, Zhang and Luming, Guo and Su, Yang and Xudong, Sun and Xiaoshan, Li},
  booktitle={Image, Vision and Computing (ICIVC), 2017 2nd International Conference on},
  pages={83--86},
  year={2017},
  organization={IEEE}
}

@article{athiwaratkun2015feature,
  title={Feature representation in convolutional neural networks},
  author={Athiwaratkun, Ben and Kang, Keegan},
  journal={arXiv preprint arXiv:1507.02313},
  year={2015}
}
@inproceedings{dosovitskiy2014discriminative,
  title={Discriminative unsupervised feature learning with convolutional neural networks},
  author={Dosovitskiy, Alexey and Springenberg, Jost Tobias and Riedmiller, Martin and Brox, Thomas},
  booktitle={Advances in Neural Information Processing Systems},
  pages={766--774},
  year={2014}
}

@article{ahmed2008training,
  title={Training hierarchical feed-forward visual recognition models using transfer learning from pseudo-tasks},
  author={Ahmed, Amr and Yu, Kai and Xu, Wei and Gong, Yihong and Xing, Eric},
  journal={Computer Vision--ECCV 2008},
  pages={69--82},
  year={2008},
  publisher={Springer}
}

@article{pan2010survey,
  title={A survey on transfer learning},
  author={Pan, Sinno Jialin and Yang, Qiang},
  journal={IEEE Transactions on knowledge and data engineering},
  volume={22},
  number={10},
  pages={1345--1359},
  year={2010},
  publisher={IEEE}
}

@article{cao2003comparison,
  title={A comparison of PCA, KPCA and ICA for dimensionality reduction in support vector machine},
  author={Cao, LJ and Chua, Kok Seng and Chong, WK and Lee, HP and Gu, QM},
  journal={Neurocomputing},
  volume={55},
  number={1},
  pages={321--336},
  year={2003},
  publisher={Elsevier}
}

@article{widodo2007combination,
  title={Combination of independent component analysis and support vector machines for intelligent faults diagnosis of induction motors},
  author={Widodo, Achmad and Yang, Bo-Suk and Han, Tian},
  journal={Expert systems with applications},
  volume={32},
  number={2},
  pages={299--312},
  year={2007},
  publisher={Elsevier}
}

@article{shen2008feature,
  title={Feature selection via sensitivity analysis of SVM probabilistic outputs},
  author={Shen, Kai-Quan and Ong, Chong-Jin and Li, Xiao-Ping and Wilder-Smith, Einar PV},
  journal={Machine Learning},
  volume={70},
  number={1},
  pages={1--20},
  year={2008},
  publisher={Springer}
}
@article{neumann2005combined,
  title={Combined SVM-based feature selection and classification},
  author={Neumann, Julia and Schn{\"o}rr, Christoph and Steidl, Gabriele},
  journal={Machine learning},
  volume={61},
  number={1},
  pages={129--150},
  year={2005},
  publisher={Springer}
}


@article{hinton2010practical,
  title={A practical guide to training restricted Boltzmann machines},
  author={Hinton, Geoffrey},
  journal={Momentum},
  volume={9},
  number={1},
  pages={926},
  year={2010}
}

@inproceedings{andrews2016transfer,
  title={Transfer representation-learning for anomaly detection},
  author={Andrews, Jerone TA and Tanay, Thomas and Morton, Edward J and Griffin, Lewis D},
  year={2016},
  organization={ICML}
}

@inproceedings{yosinski2014transferable,
  title={How transferable are features in deep neural networks?},
  author={Yosinski, Jason and Clune, Jeff and Bengio, Yoshua and Lipson, Hod},
  booktitle={Advances in neural information processing systems},
  pages={3320--3328},
  year={2014}
}

@article{bengio2007scaling,
  title={Scaling learning algorithms towards AI},
  author={Bengio, Yoshua and LeCun, Yann and others},
  journal={Large-scale kernel machines},
  volume={34},
  number={5},
  pages={1--41},
  year={2007}
}


@inproceedings{vishwanathan2003simplesvm,
  title={SimpleSVM},
  author={Vishwanathan, SVN and Smola, Alexander J and Murty, M Narasimha},
  booktitle={Proceedings of the Twentieth International Conference on International Conference on Machine Learning},
  pages={760--767},
  year={2003},
  organization={AAAI press}
}



@book{vapnik1998statistical,
  title={Statistical learning theory},
  author={Vapnik, Vladimir Naumovich and Vapnik, Vlamimir},
  volume={1},
  year={1998},
  publisher={Wiley New York}
}


@article{scholkopf2001estimating,
  title={Estimating the support of a high-dimensional distribution},
  author={Sch{\"o}lkopf, Bernhard and Platt, John C and Shawe-Taylor, John and Smola, Alex J and Williamson, Robert C},
  journal={Neural computation},
  volume={13},
  number={7},
  pages={1443--1471},
  year={2001},
  publisher={MIT Press}
}

@article{scholkopf2002support,
  title={Support vector machines, regularization, optimization, and beyond},
  author={Sch{\"o}lkopf, Bernhard and Smola, Alexander J},
  journal={MIT Press},
  volume={656},
  pages={657},
  year={2002}
}

@article{tax2004support,
  title={Support vector data description},
  author={Tax, David MJ and Duin, Robert PW},
  journal={Machine learning},
  volume={54},
  number={1},
  pages={45--66},
  year={2004},
  publisher={Springer}
}

@article{wang2006structured,
  title={Structured one-class classification},
  author={Wang, Defeng and Yeung, Daniel S and Tsang, Eric CC},
  journal={IEEE Transactions on Systems, Man, and Cybernetics, Part B (Cybernetics)},
  volume={36},
  number={6},
  pages={1283--1295},
  year={2006},
  publisher={IEEE}
}


@article{lecun2010mnist,
  title={MNIST handwritten digit database},
  author={LeCun, Yann and Cortes, Corinna and Burges, Christopher JC},
  journal={AT\&T Labs [Online]. Available: http://yann. lecun. com/exdb/mnist},
  volume={2},
  year={2010}
}

@article{finn2016pfam,
  title={The Pfam protein families database: towards a more sustainable future},
  author={Finn, Robert D and Coggill, Penelope and Eberhardt, Ruth Y and Eddy, Sean R and Mistry, Jaina and Mitchell, Alex L and Potter, Simon C and Punta, Marco and Qureshi, Matloob and Sangrador-Vegas, Amaia and others},
  journal={Nucleic acids research},
  volume={44},
  number={D1},
  pages={D279--D285},
  year={2016},
  publisher={Oxford University Press}
}

@inproceedings{bingham2001random,
  title={Random projection in dimensionality reduction: applications to image and text data},
  author={Bingham, Ella and Mannila, Heikki},
  booktitle={Proceedings of the seventh ACM SIGKDD international conference on Knowledge discovery and data mining},
  pages={245--250},
  year={2001},
  organization={ACM}
}

  @Article{tSNEVisualize2008,
    title = {Visualizing High-Dimensional Data Using t-SNE},
    volume = {9},
    pages = {2579-2605},
    year = {2008},
    author = {L.J.P. {van der Maaten} and G.E. Hinton},
    journal = {Journal of Machine Learning Research},
  }

@inproceedings{xu2010robust,
  title={Robust PCA via outlier pursuit},
  author={Xu, Huan and Caramanis, Constantine and Sanghavi, Sujay},
  booktitle={Advances in Neural Information Processing Systems},
  pages={2496--2504},
  year={2010}
}

@article{rathore2017ensemble,
  title={Ensemble fuzzy clustering using cumulative aggregation on random projections},
  author={Rathore, Punit and Bezdek, James C and Erfani, Sarah M and Rajasegarar, Sutharshan and Palaniswami, Marimuthu},
  journal={IEEE Transactions on Fuzzy Systems},
  year={2017},
  publisher={IEEE}
}

@article{erfani2015r1svm,
  title={R1SVM: a randomised nonlinear approach to large-scale anomaly detection},
  author={Erfani, Sarah and Baktashmotlagh, Mahsa and Rajasegarar, Sutharshan and Karunasekera, Shanika and Leckie, Chris},
  year={2015}
}







@misc{chollet2015keras,
  title={Keras},
  author={Chollet, Fran\c{c}ois and others},
  year={2015},
  publisher={GitHub},
  howpublished={\url{https://github.com/keras-team/keras}},
}

@book{boyd2004convex,
  title={Convex optimization},
  author={Boyd, Stephen and Vandenberghe, Lieven},
  year={2004},
  publisher={Cambridge university press}
}

@article{chalapathy2017robust,
  title={Robust, Deep and Inductive Anomaly Detection},
  author={Chalapathy, Raghavendra and Menon, Aditya Krishna and Chawla, Sanjay},
  journal={arXiv preprint arXiv:1704.06743},
  year={2017}
}

@article{scikit-learn,
 title={Scikit-learn: Machine Learning in {P}ython},
 author={Pedregosa, F. and Varoquaux, G. and Gramfort, A. and Michel, V.
         and Thirion, B. and Grisel, O. and Blondel, M. and Prettenhofer, P.
         and Weiss, R. and Dubourg, V. and Vanderplas, J. and Passos, A. and
         Cournapeau, D. and Brucher, M. and Perrot, M. and Duchesnay, E.},
 journal={Journal of Machine Learning Research},
 volume={12},
 pages={2825--2830},
 year={2011}
}
@inproceedings{zhou2017anomaly,
  title={Anomaly detection with robust deep autoencoders},
  author={Zhou, Chong and Paffenroth, Randy C},
  booktitle={Proceedings of the 23rd ACM SIGKDD International Conference on Knowledge Discovery and Data Mining},
  pages={665--674},
  year={2017},
  organization={ACM}
}

@article{erfani2016high,
  title={High-dimensional and large-scale anomaly detection using a linear one-class SVM with deep learning},
  author={Erfani, Sarah M and Rajasegarar, Sutharshan and Karunasekera, Shanika and Leckie, Christopher},
  journal={Pattern Recognition},
  volume={58},
  pages={121--134},
  year={2016},
  publisher={Elsevier}
}

@inproceedings{Sedhain:2015,
  author    = {Suvash Sedhain and
               Aditya Krishna Menon and
               Scott Sanner and
               Lexing Xie},
  title     = {AutoRec: Autoencoders Meet Collaborative Filtering},
  booktitle = {International Conference on World Wide Web (WWW)},
  year      = {2015}
}

@inproceedings{Williams:2002,
 author = {Williams, Graham and Baxter, Rohan and He, Hongxing and Hawkins, Simon and Gu, Lifang},
 title = {A Comparative Study of RNN for Outlier Detection in Data Mining},
 booktitle = {International Conference on Data Mining (ICDM)},
 year = {2002}
}

@inproceedings{Zhai:2016,
 author = {Zhai, Shuangfei and Cheng, Yu and Lu, Weining and Zhang, Zhongfei},
 title = {Deep Structured Energy Based Models for Anomaly Detection},
 booktitle = {International Conference on Machine Learning ({ICML}) },
 year = {2016}
}

@inproceedings{Lawrence:2009,
 author = {Lawrence, Neil D. and Urtasun, Raquel},
 title = {Non-linear Matrix Factorization with Gaussian Processes},
 booktitle = {International Conference on Machine Learning (ICML)},
 year = {2009},
 numpages = {8},
}

@inproceedings{Davis:2006,
 author = {Davis, Jesse and Goadrich, Mark},
 title = {The Relationship Between Precision-Recall and ROC Curves},
 booktitle = {International Conference on Machine Learning (ICML)},
 year = {2006},
 numpages = {8},
}

@inproceedings{Nguyen:2009,
	Author = {Minh H. Nguyen and Fernando Torre},
	Booktitle = {Advances in Neural Information Processing Systems (NIPS)},
	Title = {Robust Kernel Principal Component Analysis},
	Year = {2009}
}

@ARTICLE{Sprechmann:2015,
author={P. Sprechmann and A. M. Bronstein and G. Sapiro},
journal={IEEE Transactions on Pattern Analysis and Machine Intelligence},
title={Learning Efficient Sparse and Low Rank Models},
year={2015},
volume={37},
number={9},
pages={1821-1833},
month={Sept}
}

@article{Huang:2010,
author = "Huang, Junzhou and Zhang, Tong",
doi = "10.1214/09-AOS778",
fjournal = "The Annals of Statistics",
journal = "Ann. Statist.",
month = "08",
number = "4",
pages = "1978--2004",
publisher = "The Institute of Mathematical Statistics",
title = "The benefit of group sparsity",
volume = "38",
year = "2010"
}

@incollection{Jain:2008,
    Author = {Viren Jain and Sebastian Seung},
    Booktitle = {Advances in Neural Information Processing Systems 21},
    Title = {Natural Image Denoising with Convolutional Networks},
    Year = {2008},
    Pages = {769--776}
   }

@Book{Bishop:2006,
  author = 	 "Christopher M. Bishop",
  title = 	 "Pattern Recognition and Machine Learning",
  publisher = 	 "Springer",
  year = 	 "2006",
}

@article{Ghoting:2008,
	Author = {Ghoting, Amol and Parthasarathy, Srinivasan and Otey, Matthew and Ghoting, Amol and Parthasarathy, Srinivasan and Otey, Matthew E.},
	Journal = {Data Mining and Knowledge Discovery},
	Number = {3},
	Pages = {349--364},
	Publisher = {Springer Netherlands},
	Title = {{Fast mining of distance-based outliers in high-dimensional datasets}},
	Volume = {16},
	Year = {2008}}

@book{Goodfellow-et-al-2016,
    title={Deep Learning},
    author={Ian Goodfellow and Yoshua Bengio and Aaron Courville},
    publisher={MIT Press},
    note={\url{http://www.deeplearningbook.org}},
    year={2016}
}

@article{Hotelling:1933,
	Author = {Hotelling, H.},
	Journal = {J. Educ. Psych.},
	Title = {{Analysis of a complex of statistical variables into principal components}},
	Volume = {24},
	Year = {1933}}

@incollection{Bach:2011,
	Author = {Bach, Francis and Jenatton, Rodolphe and Mairal, Julien and Obozinski, Guillaume},
	Booktitle = {Optimization for Machine Learning, MIT Press},
	Title = {{Convex Optimization with Sparsity-Inducing Norms}},
	Year = {2011},
}

@article{chandola2007outlier,
	title={Outlier detection: A survey},
	author={Chandola, Varun and Banerjee, Arindam and Kumar, Vipin},
	journal={ACM Computing Surveys},
	year={2007}
}

@article{vincent2010stacked,
	title={Stacked denoising autoencoders: Learning useful representations in a deep network with a local denoising criterion},
	author={Vincent, Pascal and Larochelle, Hugo and Lajoie, Isabelle and Bengio, Yoshua and Manzagol, Pierre-Antoine},
	journal={JMLR},
	volume={11},
	pages={3371--3408},
	year={2010},
	publisher={JMLR. org}
}
@inproceedings{breunig2000lof,
	title={LOF: identifying density-based local outliers},
	author={Breunig, Markus M and Kriegel, Hans-Peter and Ng, Raymond T and Sander, J{\"o}rg},
	booktitle={ACM sigmod record},
	volume={29},
	number={2},
	pages={93--104},
	year={2000},
	organization={ACM}
}
@inproceedings{knorr1997unified,
	title={A Unified Notion of Outliers: Properties and Computation.},
	author={Knorr, Edwin M and Ng, Raymond T},
	booktitle={KDD},
	pages={219--222},
	year={1997}
}

@book{charubook,
	title={Outlier Analysis},
	edition = {2nd},
	publisher = {Springer},
	author={Aggarwal, Charu C},
	year={2016}
}

@inproceedings{Zhao:2009,
  author    = {Manqi Zhao and
               Venkatesh Saligrama},
  title     = {Anomaly Detection with Score functions based on Nearest Neighbor Graphs},
  booktitle = {Advances in Neural Information Processing Systems (NIPS)},
  pages     = {2250--2258},
  year      = {2009},
}

@article{Scholkopf:2001,
place={Cambridge, MA, USA}, title={Estimating the Support of a High-Dimensional Distribution}, volume={13}, number={7}, journal={Neural Computation}, publisher={MIT Press}, author={Schölkopf, Bernhard and Platt, John C and Shawe-Taylor, John C and Smola, Alex J and Williamson, Robert C}, year={2001}, month={Jul}, pages={1443–1471}}

@inproceedings{candes2010robust,
	title={Robust principal component analysis?: Recovering low-rank matrices from sparse errors},
	author={Cand{\'e}s, Emmanuel and Li, Xiaodong and Ma, Yi and Wright, John},
	booktitle={Sensor Array and Multichannel Signal Processing Workshop (SAM), 2010 IEEE},
	pages={201--204},
	year={2010},
	organization={IEEE}
}

@techreport{krizhevsky2009learning,
	title={Learning multiple layers of features from tiny images},
	author={Krizhevsky, Alex and Hinton, Geoffrey},
	year={2009},
	Institute={University of Toronto}
}

@article{abadi2016tensorflow,
	title={Tensorflow: Large-scale machine learning on heterogeneous distributed systems},
	author={Abadi, Mart{\'\i}n and Agarwal, Ashish and Barham, Paul and Brevdo, Eugene and Chen, Zhifeng and Citro, Craig and Corrado, Greg S and Davis, Andy and Dean, Jeffrey and Devin, Matthieu and others},
	journal={arXiv preprint arXiv:1603.04467},
	year={2016}
}

@inproceedings{xiong2011direct,
	title={Direct robust matrix factorizatoin for anomaly detection},
	author={Xiong, Liang and Chen, Xi and Schneider, Jeff},
	booktitle={International Conference on Data Mining (ICDM)},
	year={2011},
	organization={IEEE}
}

@article{becker2011templates,
	title={Templates for convex cone problems with applications to sparse signal recovery},
	author={Becker, Stephen R and Cand{\`e}s, Emmanuel J and Grant, Michael C},
	journal={Mathematical programming computation},
	volume={3},
	number={3},
	pages={165--218},
	year={2011},
	publisher={Springer}
}

@article{pedregosa2011scikit,
	title={Scikit-learn: Machine learning in Python},
	author={Pedregosa, Fabian and Varoquaux, Ga{\"e}l and Gramfort, Alexandre and Michel, Vincent and Thirion, Bertrand and Grisel, Olivier and Blondel, Mathieu and Prettenhofer, Peter and Weiss, Ron and Dubourg, Vincent and others},
	journal={JMLR},
	volume={12},
	number={Oct},
	pages={2825--2830},
	year={2011}
}

@article{bengio2009learning,
	title={Learning deep architectures for AI},
	author={Bengio, Yoshua and others},
	journal={Foundations and trends{\textregistered} in Machine Learning},
	volume={2},
	number={1},
	pages={1--127},
	year={2009},
	publisher={Now Publishers, Inc.}
}

@article{hull1994database,
	title={A database for handwritten text recognition research},
	author={Hull, Jonathan J.},
	journal={IEEE Transactions on pattern analysis and machine intelligence},
	volume={16},
	number={5},
	pages={550--554},
	year={1994},
	publisher={IEEE}
}

@inproceedings{xu2010robust,
	title={Robust {PCA} via outlier pursuit},
	author={Xu, Huan and Caramanis, Constantine and Sanghavi, Sujay},
	booktitle={Advances in Neural Information Processing Systems},
	pages={2496--2504},
	year={2010}
}

@article{ioffe2015batch,
	title={Batch normalization: Accelerating deep network training by reducing internal covariate shift},
	author={Ioffe, Sergey and Szegedy, Christian},
	journal={arXiv preprint arXiv:1502.03167},
	year={2015}
}

@article{clevert2015fast,
	title={Fast and accurate deep network learning by exponential linear units (elus)},
	author={Clevert, Djork-Arn{\'e} and Unterthiner, Thomas and Hochreiter, Sepp},
	journal={arXiv preprint arXiv:1511.07289},
	year={2015}
}


