@article{de2011machine,
	title={Machine-learned solutions for three stages of clinical information extraction: the state of the art at i2b2 2010},
	author={de Bruijn, Berry and Cherry, Colin and Kiritchenko, Svetlana and Martin, Joel and Zhu, Xiaodan},
	journal={Journal of the American Medical Informatics Association},
	volume={18},
	number={5},
	pages={557--562},
	year={2011},
	publisher={The Oxford University Press}
}

@article{lebret2013word,
	title={Word emdeddings through hellinger PCA},
	author={Lebret, R{\'e}mi and Collobert, Ronan},
	journal={arXiv preprint arXiv:1312.5542},
	year={2013}
}

@inproceedings{joachims1998text,
	title={Text categorization with support vector machines: Learning with many relevant features},
	author={Joachims, Thorsten},
	booktitle={European conference on machine learning},
	pages={137--142},
	year={1998},
	organization={Springer}
}

@article{berger1996maximum,
	title={A maximum entropy approach to natural language processing},
	author={Berger, Adam L and Pietra, Vincent J Della and Pietra, Stephen A Della},
	journal={Computational linguistics},
	volume={22},
	number={1},
	pages={39--71},
	year={1996},
	publisher={MIT Press}
}

@article{uzuner20112010,
	title={2010 i2b2/VA challenge on concepts, assertions, and relations in clinical text},
	author={Uzuner, {\"O}zlem and South, Brett R and Shen, Shuying and DuVall, Scott L},
	journal={Journal of the American Medical Informatics Association},
	volume={18},
	number={5},
	pages={552--556},
	year={2011},
	publisher={The Oxford University Press}
}


@article{boagcliner,
	title={CliNER: A Lightweight Tool for Clinical Named Entity Recognition},
	author={Boag, William and Wacome, Kevin and Tristan Naumann, MS},
	booktitle={AMIA-CRI},
	year={2015},
	institution={Massachusetts Institute of Technology, Cambridge, MA}
}

@inproceedings{wu2015study,
	title={A Study of Neural Word Embeddings for Named Entity Recognition in Clinical Text},
	author={Wu, Yonghui and Xu, Jun and Jiang, Min and Zhang, Yaoyun and Xu, Hua},
	booktitle={AMIA Annual Symposium Proceedings},
	volume={2015},
	pages={1326},
	year={2015},
	organization={American Medical Informatics Association}
}

@article{fu2014improving,
	title={Improving the extraction of clinical concepts from clinical records},
	author={Fu, Xiao and Ananiadou, Sophia},
	journal={Proceedings of BioTxtM14},
	year={2014},
	publisher={Citeseer}
}

@article{jonnalagadda2012enhancing,
	title={Enhancing clinical concept extraction with distributional semantics},
	author={Jonnalagadda, Siddhartha and Cohen, Trevor and Wu, Stephen and Gonzalez, Graciela},
	journal={Journal of biomedical informatics},
	volume={45},
	number={1},
	pages={129--140},
	year={2012},
	publisher={Elsevier}
}

@techreport{jordan1986serial,
	title={Serial order: A parallel distributed processing approach},
	author={Jordan, Michael I.},
	year={1986},
	institution={San Diego: University of California, Institute for Cognitive Science}
}


@conference{lample2016neural,
	title={Neural architectures for named entity recognition},
	author={Lample, Guillaume and Ballesteros, Miguel and Subramanian, Sandeep and Kawakami, Kazuya and Dyer, Chris},
	booktitle={NAACL-HLT},
	year={2016}
}

@conference{tur2010left,
	title={What is left to be understood in {ATIS}?},
	author={Tur, Gokhan and Hakkani-T{\"u}r, Dilek and Heck, Larry},
	booktitle={Spoken Language Technology Workshop},
	pages={19--24},
	year={2010}
}

@conference{segura2015exploring,
	title={Exploring word embedding for drug name recognition},
	author={Isabel Segura-Bedmar and Su{\'a}rez-Paniagua, V{\i}ctor and Mart{\i}nez, Paloma},
	booktitle={The 6th International Workshop on Health Text Mining and Information Analysis},
	pages={64},
	year={2015}
}

@conference{segura2013semeval,
	title={Semeval-2013 task 9: Extraction of drug-drug interactions from biomedical texts {(DDIExtraction 2013)}},
	author={Isabel Segura-Bedmar and Mart{\'\i}nez, Paloma and Herrero Zazo, Mar{\'\i}a},
	booktitle= {The 7th International Workshop on Semantic Evaluation},
	year={2013},
	page={}
}

@conference{Mikolov:13,
	author={Mikolov, Tomas and Sutskever, Ilya and Chen, Kai and Corrado, Greg S and Dean, Jeff},
	title={Distributed representations of words and phrases and their compositionality},
	booktitle={NIPS},
	pages={3111--3119},
	year={2013}
}



@inproceedings{krizhevsky2012imagenet,
	title={Imagenet classification with deep convolutional neural networks},
	author={Krizhevsky, Alex and Sutskever, Ilya and Hinton, Geoffrey E},
	booktitle={NIPS},
	pages={1097--1105},
	year={2012}
}

@article{uzuner20112010,
	title={2010 i2b2/VA challenge on concepts, assertions, and relations in clinical text},
	author={Uzuner, {\"O}zlem and South, Brett R and Shen, Shuying and DuVall, Scott L},
	journal={Journal of the American Medical Informatics Association},
	volume={18},
	number={5},
	pages={552--556},
	year={2011},
	publisher={The Oxford University Press}
}

@inproceedings{kipper2008system,
	title={System evaluation on a named entity corpus from clinical notes},
	author={Kipper-Schuler, Karin and Kaggal, Vinod and Masanz, James and Ogren, Philip and Savova, Guergana},
	booktitle={Language Resources and Evaluation Conference, LREC},
	pages={3001--3007},
	year={2008}
}

@conference{Pennington:14,
	author = {Jeffrey Pennington and Richard Socher and Christopher D. Manning},
	title = {{GloVe}: Global vectors for word representation},
	booktitle={EMNLP},
	pages={1532--1543},
	year = {2014}
}

@conference{lafferty2001conditional,
	author={Lafferty, John and McCallum, Andrew and Pereira, Fernando},
	title={Conditional random fields: Probabilistic models for segmenting and labeling sequence data},
	booktitle={ICML},
	pages={282--289},
	year={2001}
}

@conference{bergstra2010theano,
	title={Theano: A {CPU} and {GPU} math compiler in {Python}},
	author={Bergstra, James and Breuleux, Olivier and Bastien, Fr{\'e}d{\'e}ric and Lamblin, Pascal and Pascanu, Razvan and Desjardins, Guillaume and Turian, Joseph and Warde-Farley, David and Bengio, Yoshua},
	booktitle={The 9th Python in Science Conference},
	pages={1--7},
	year={2010}
}

@conference{mesnil2013,
	author={Mesnil, Gr{\'e}goire and He, Xiaodong and Deng, Li and Bengio, Yoshua},
	title={Investigation of recurrent-neural-network architectures and learning methods for spoken language understanding},
	booktitle={INTERSPEECH},
	pages={3771--3775},
	year={2013}
}

@conference{huber2013wbi,
	author={Rockt{\"a}schel, Tim and Huber, Torsten and Weidlich, Michael and Leser, Ulf},
	title={{WBI-NER}: The impact of domain-specific features on the performance of identifying and classifying mentions of drugs},
	booktitle={The 7th International Workshop on Semantic Evaluation},
	pages={356--363},
	year={2013}
}

@article{Nadeau:07,
	author = {Nadeau, David and Sekine, Satoshi},
	year = "2007",
	title = {A survey of named entity recognition and classification},
	volume = "30",
	journal  = {Linguisticae Investigationes},
	pages = {3--26},
	number = "1"
}

@article{ACM:83,
	author = {Segura-Bedmar, Isabel; Martínez, Paloma; Pablo-Sánchez, Cesar},
	year = "2011",
	title = {Using a shallow linguistic kernel for drug-drug interaction extraction},
	volume = "44",
	journal = {Journal of Biomedical Informatics},
	pages = "789--804",
	number = "5"
}

@article{coulet2011integration,
	author={Coulet, Adrien and Garten, Yael and Dumontier, Michel and Altman, Russ B and Musen, Mark A and Shah, Nigam H},
	year={2011},
	title={Integration and publication of heterogeneous text-mined relationships on the Semantic Web},
	volume="2",
	journal={Journal of Biomedical Semantics},
	pages="1--16",
	number="2"
}

@article{bengio1994learning,
	author={Bengio, Yoshua and Simard, Patrice and Frasconi, Paolo},
	year={1994},
	title={Learning long-term dependencies with gradient descent is difficult},
	volume={5},
	journal={IEEE Transactions on Neural Networks},
	pages="157--166",
	number="2"
}

@article{liu2015feature,
	author={Liu, Shengyu and Tang, Buzhou and Chen, Qingcai and Wang, Xiaolong and Fan, Xiaoming},
	year={2015},
	title={Feature engineering for drug name recognition in biomedical texts: Feature conjunction and feature selection},
	volume={2015},
	journal={Computational and Mathematical Methods in Medicine},
	pages="1--9",
	number=""
}

@article{de2009chemical,
	author={De Matos, Paula and Alc{\'a}ntara, Rafael and Dekker, Adriano and Ennis, Marcus and Hastings, Janna and Haug, Kenneth and Spiteri, Inmaculada and Turner, Steve and Steinbeck, Christoph},
	year={2010},
	title={Chemical entities of biological interest: An update},
	volume={38},
	journal={Nucleic Acids Research},
	pages={249-254},
	number=""
}

@article{mesnil2015using,
	author={Mesnil, Gr{\'e}goire and Dauphin, Yann and Yao, Kaisheng and Bengio, Yoshua and Deng, Li and Hakkani-Tur, Dilek and He, Xiaodong and Heck, Larry and Tur, Gokhan and Yu, Dong and others},
	year={2015},
	title={Using recurrent neural networks for slot filling in spoken language understanding},
	volume={23},
	journal={IEEE/ACM Transactions on Audio, Speech, and Language Processing},
	pages={530--539},
	number={3}
}

@article{rocktaschel2012chemspot,
	author={Rockt{\"a}schel, Tim and Weidlich, Michael and Leser, Ulf},
	year={2012},
	title={{ChemSpot}: A hybrid system for chemical named entity recognition},
	volume={28},
	journal={Bioinformatics},
	pages={1633--1640},
	number={12}
}

@article{liu2015drug,
	author={Liu, Shengyu and Tang, Buzhou and Chen, Qingcai and Wang, Xiaolong},
	year={2015},
	title={{Drug name recognition}: Approaches and resources},
	volume={6},
	journal={Information},
	pages={790--810},
	number={4}
}

@article{hamon2010linguistic,
	title={Linguistic approach for identification of medication names and related information in clinical narratives},
	author={Hamon, Thierry and Grabar, Natalia},
	journal={Journal of the American Medical Informatics Association},
	volume={17},
	number={5},
	pages={549--554},
	year={2010}
}

@article{collobert2011natural,
	title={Natural language processing (almost) from scratch},
	author={Collobert, Ronan and Weston, Jason and Bottou, L{\'e}on and Karlen, Michael and Kavukcuoglu, Koray and Kuksa, Pavel},
	journal={Journal of Machine Learning Research},
	volume={12},
	number={},
	pages={2493--2537},
	year={2011}
}

@article{abacha2015text,
	title={Text mining for pharmacovigilance: Using machine learning for drug name recognition and drug--drug interaction extraction and classification},
	author={Abacha, Asma Ben and Chowdhury, Md Faisal Mahbub and Karanasiou, Aikaterini and Mrabet, Yassine and Lavelli, Alberto and Zweigenbaum, Pierre},
	journal={Journal of Biomedical Informatics},
	volume={58},
	pages={122--132},
	year={2015}
}

@article{hettne2009dic,
	title={A dictionary to identify small molecules and drugs in free text},
	author={Hettne, Kristina M and Stierum, Rob H and Schuemie, Martijn J and Hendriksen, Peter JM and Schijvenaars, Bob JA and Van Mulligen, Erik M and Kleinjans, Jos and Kors, Jan A},
	journal={Bioinformatics},
	volume={25},
	number={22},
	pages={2983--2991},
	year={2009}
}

@article{hinton2012deep,
	title={Deep neural networks for acoustic modeling in speech recognition: The shared views of four research groups},
	author={Hinton, Geoffrey and Deng, Li and Yu, Dong and Dahl, George E and Mohamed, Abdel-rahman and Jaitly, Navdeep and Senior, Andrew and Vanhoucke, Vincent and Nguyen, Patrick and Sainath, Tara N and others},
	journal={IEEE Signal Processing Magazine},
	volume={29},
	number={6},
	pages={82--97},
	year={2012}
}

@article{elman1990finding,
	title={Finding structure in time},
	author={Elman, Jeffrey L},
	journal={Cognitive Science},
	volume={14},
	number={2},
	pages={179--211},
	year={1990}
}


@article{graves2005framewise,
	title={Framewise phoneme classification with bidirectional {LSTM} and other neural network architectures},
	author={Graves, Alex and Schmidhuber, J{\"u}rgen},
	journal={Neural Networks},
	volume={18},
	number={5},
	pages={602--610},
	year={2005}
}

@article{bergstra2012random,
	title={Random search for hyper-parameter optimization},
	author={Bergstra, James and Bengio, Yoshua},
	journal={Journal of Machine Learning Research},
	volume={13},
	number={},
	pages={281--305},
	year={2012}
}

@article{hochreiter1997long,
	title={Long short-term memory},
	author={Hochreiter, Sepp and Schmidhuber, J{\"u}rgen},
	journal={Neural Computation},
	volume={9},
	number={8},
	pages={1735--1780},
	year={1997}
}

@article{herrero2013ddi,
	title={The {DDI} corpus: An annotated corpus with pharmacological substances and drug--drug interactions},
	author={Herrero-Zazo, Mar{\'\i}a and Segura-Bedmar, Isabel and Mart{\'\i}nez, Paloma and Declerck, Thierry},
	journal={Journal of Biomedical Informatics},
	volume={46},
	number={5},
	pages={914--920},
	year={2013}
}

@article{Aho:72,
	title = "Text mining: getting more value from literature resources",
	journal = "Drug Discovery Today",
	volume = "10",
	number = "6",
	pages = "377--379",
	year = "2005",
	author = {Roger Hale}
}

@article{chiu2015named,
	title={Named entity recognition with bidirectional {LSTM-CNNs}},
	author={Chiu, Jason PC and Nichols, Eric},
	journal={Transactions of the Association for Computational Linguistics},
	year={2016},
	pages={357--370},
	volume={4}
}






















