@inproceedings{Lopez-Paz:2014,
 author = {Lopez-Paz, David and Sra, Suvrit and Smola, Alexander J. and Ghahramani, Zoubin and Sch\"{o}lkopf, Bernhard},
 title = {Randomized Nonlinear Component Analysis},
 booktitle = {International Conference on Machine Learning (ICML)},
 year = {2014}
} 


@inproceedings{Sedhain:2015,
  author    = {Suvash Sedhain and
               Aditya Krishna Menon and
               Scott Sanner and
               Lexing Xie},
  title     = {AutoRec: Autoencoders Meet Collaborative Filtering},
  booktitle = {International Conference on World Wide Web (WWW)},
  year      = {2015}
}

@inproceedings{Williams:2002,
 author = {Williams, Graham and Baxter, Rohan and He, Hongxing and Hawkins, Simon and Gu, Lifang},
 title = {A Comparative Study of RNN for Outlier Detection in Data Mining},
 booktitle = {International Conference on Data Mining (ICDM)},
 year = {2002}
}

@inproceedings{Zhai:2016,
 author = {Zhai, Shuangfei and Cheng, Yu and Lu, Weining and Zhang, Zhongfei},
 title = {Deep Structured Energy Based Models for Anomaly Detection},
 booktitle = {International Conference on Machine Learning ({ICML}) },
 year = {2016}
} 

@inproceedings{Lawrence:2009,
 author = {Lawrence, Neil D. and Urtasun, Raquel},
 title = {Non-linear Matrix Factorization with Gaussian Processes},
 booktitle = {International Conference on Machine Learning (ICML)},
 year = {2009},
 numpages = {8},
} 

@inproceedings{Davis:2006,
 author = {Davis, Jesse and Goadrich, Mark},
 title = {The Relationship Between Precision-Recall and ROC Curves},
 booktitle = {International Conference on Machine Learning (ICML)},
 year = {2006},
 numpages = {8},
} 

@inproceedings{Nguyen:2009,
	Author = {Minh H. Nguyen and Fernando Torre},
	Booktitle = {Advances in Neural Information Processing Systems (NIPS)},
	Title = {Robust Kernel Principal Component Analysis},
	Year = {2009}
}

@ARTICLE{Sprechmann:2015, 
author={P. Sprechmann and A. M. Bronstein and G. Sapiro}, 
journal={IEEE Transactions on Pattern Analysis and Machine Intelligence}, 
title={Learning Efficient Sparse and Low Rank Models}, 
year={2015}, 
volume={37}, 
number={9}, 
pages={1821-1833},
month={Sept}
}

@article{Huang:2010,
author = "Huang, Junzhou and Zhang, Tong",
doi = "10.1214/09-AOS778",
fjournal = "The Annals of Statistics",
journal = "Ann. Statist.",
month = "08",
number = "4",
pages = "1978--2004",
publisher = "The Institute of Mathematical Statistics",
title = "The benefit of group sparsity",
volume = "38",
year = "2010"
}

@incollection{Jain:2008, 
    Author = {Viren Jain and Sebastian Seung},
    Booktitle = {Advances in Neural Information Processing Systems 21}, 
    Title = {Natural Image Denoising with Convolutional Networks}, 
    Year = {2008}, 
    Pages = {769--776} 
   }

@Book{Bishop:2006,
  author = 	 "Christopher M. Bishop",
  title = 	 "Pattern Recognition and Machine Learning",
  publisher = 	 "Springer",
  year = 	 "2006",
}

@article{Ghoting:2008,
	Author = {Ghoting, Amol and Parthasarathy, Srinivasan and Otey, Matthew and Ghoting, Amol and Parthasarathy, Srinivasan and Otey, Matthew E.},
	Journal = {Data Mining and Knowledge Discovery},
	Number = {3},
	Pages = {349--364},
	Publisher = {Springer Netherlands},
	Title = {{Fast mining of distance-based outliers in high-dimensional datasets}},
	Volume = {16},
	Year = {2008}}

@book{Goodfellow-et-al-2016,
    title={Deep Learning},
    author={Ian Goodfellow and Yoshua Bengio and Aaron Courville},
    publisher={MIT Press},
    note={\url{http://www.deeplearningbook.org}},
    year={2016}
}

@article{Hotelling:1933,
	Author = {Hotelling, H.},
	Journal = {J. Educ. Psych.},
	Title = {{Analysis of a complex of statistical variables into principal components}},
	Volume = {24},
	Year = {1933}}

@incollection{Bach:2011,
	Author = {Bach, Francis and Jenatton, Rodolphe and Mairal, Julien and Obozinski, Guillaume},
	Booktitle = {Optimization for Machine Learning, MIT Press},
	Title = {{Convex Optimization with Sparsity-Inducing Norms}},
	Year = {2011},
}

@article{chandola2007outlier,
	title={Outlier detection: A survey},
	author={Chandola, Varun and Banerjee, Arindam and Kumar, Vipin},
	journal={ACM Computing Surveys},
	year={2007}
}

@article{vincent2010stacked,
	title={Stacked denoising autoencoders: Learning useful representations in a deep network with a local denoising criterion},
	author={Vincent, Pascal and Larochelle, Hugo and Lajoie, Isabelle and Bengio, Yoshua and Manzagol, Pierre-Antoine},
	journal={JMLR},
	volume={11},
	pages={3371--3408},
	year={2010},
	publisher={JMLR. org}
}
@inproceedings{breunig2000lof,
	title={LOF: identifying density-based local outliers},
	author={Breunig, Markus M and Kriegel, Hans-Peter and Ng, Raymond T and Sander, J{\"o}rg},
	booktitle={ACM sigmod record},
	volume={29},
	number={2},
	pages={93--104},
	year={2000},
	organization={ACM}
}
@inproceedings{knorr1997unified,
	title={A Unified Notion of Outliers: Properties and Computation.},
	author={Knorr, Edwin M and Ng, Raymond T},
	booktitle={KDD},
	pages={219--222},
	year={1997}
}

@book{charubook,
	title={Outlier Analysis},
	edition = {2nd},
	publisher = {Springer},
	author={Aggarwal, Charu C},
	year={2016}
}

@inproceedings{Zhao:2009,
  author    = {Manqi Zhao and
               Venkatesh Saligrama},
  title     = {Anomaly Detection with Score functions based on Nearest Neighbor Graphs},
  booktitle = {Advances in Neural Information Processing Systems (NIPS)},
  pages     = {2250--2258},
  year      = {2009},
}

@article{Scholkopf:2001,
place={Cambridge, MA, USA}, title={Estimating the Support of a High-Dimensional Distribution}, volume={13}, number={7}, journal={Neural Computation}, publisher={MIT Press}, author={Schölkopf, Bernhard and Platt, John C and Shawe-Taylor, John C and Smola, Alex J and Williamson, Robert C}, year={2001}, month={Jul}, pages={1443–1471}}

@inproceedings{candes2010robust,
	title={Robust principal component analysis?: Recovering low-rank matrices from sparse errors},
	author={Cand{\'e}s, Emmanuel and Li, Xiaodong and Ma, Yi and Wright, John},
	booktitle={Sensor Array and Multichannel Signal Processing Workshop (SAM), 2010 IEEE},
	pages={201--204},
	year={2010},
	organization={IEEE}
}

@techreport{krizhevsky2009learning,
	title={Learning multiple layers of features from tiny images},
	author={Krizhevsky, Alex and Hinton, Geoffrey},
	year={2009},
	Institute={University of Toronto}
}

@article{abadi2016tensorflow,
	title={Tensorflow: Large-scale machine learning on heterogeneous distributed systems},
	author={Abadi, Mart{\'\i}n and Agarwal, Ashish and Barham, Paul and Brevdo, Eugene and Chen, Zhifeng and Citro, Craig and Corrado, Greg S and Davis, Andy and Dean, Jeffrey and Devin, Matthieu and others},
	journal={arXiv preprint arXiv:1603.04467},
	year={2016}
}

@inproceedings{xiong2011direct,
	title={Direct robust matrix factorizatoin for anomaly detection},
	author={Xiong, Liang and Chen, Xi and Schneider, Jeff},
	booktitle={International Conference on Data Mining (ICDM)},
	year={2011},
	organization={IEEE}
}

@article{becker2011templates,
	title={Templates for convex cone problems with applications to sparse signal recovery},
	author={Becker, Stephen R and Cand{\`e}s, Emmanuel J and Grant, Michael C},
	journal={Mathematical programming computation},
	volume={3},
	number={3},
	pages={165--218},
	year={2011},
	publisher={Springer}
}

@article{pedregosa2011scikit,
	title={Scikit-learn: Machine learning in Python},
	author={Pedregosa, Fabian and Varoquaux, Ga{\"e}l and Gramfort, Alexandre and Michel, Vincent and Thirion, Bertrand and Grisel, Olivier and Blondel, Mathieu and Prettenhofer, Peter and Weiss, Ron and Dubourg, Vincent and others},
	journal={JMLR},
	volume={12},
	number={Oct},
	pages={2825--2830},
	year={2011}
}

@article{bengio2009learning,
	title={Learning deep architectures for AI},
	author={Bengio, Yoshua and others},
	journal={Foundations and trends{\textregistered} in Machine Learning},
	volume={2},
	number={1},
	pages={1--127},
	year={2009},
	publisher={Now Publishers, Inc.}
}

@article{hull1994database,
	title={A database for handwritten text recognition research},
	author={Hull, Jonathan J.},
	journal={IEEE Transactions on pattern analysis and machine intelligence},
	volume={16},
	number={5},
	pages={550--554},
	year={1994},
	publisher={IEEE}
}

@inproceedings{xu2010robust,
	title={Robust {PCA} via outlier pursuit},
	author={Xu, Huan and Caramanis, Constantine and Sanghavi, Sujay},
	booktitle={Advances in Neural Information Processing Systems},
	pages={2496--2504},
	year={2010}
}

@article{ioffe2015batch,
	title={Batch normalization: Accelerating deep network training by reducing internal covariate shift},
	author={Ioffe, Sergey and Szegedy, Christian},
	journal={arXiv preprint arXiv:1502.03167},
	year={2015}
}

@article{clevert2015fast,
	title={Fast and accurate deep network learning by exponential linear units (elus)},
	author={Clevert, Djork-Arn{\'e} and Unterthiner, Thomas and Hochreiter, Sepp},
	journal={arXiv preprint arXiv:1511.07289},
	year={2015}
}


