@article{kingma2014adam,
	title={Adam: A method for stochastic optimization},
	author={Kingma, Diederik and Ba, Jimmy},
	journal={arXiv preprint arXiv:1412.6980},
	year={2014}
}

@inproceedings{sunc04,
  author    = {Pei Sun and
               Sanjay Chawla},
  title     = {On Local Spatial Outliers},
  booktitle = {Proceedings of the Fourth IEEE International Conference on Data Mining (ICDM'04),
               Brighton, UK},
  year      = {2004},
  pages     = {209-216},
}

@inproceedings{sunc06-1,
  author    = {Pei Sun and
               Sanjay Chawla and
               Bavani Arunasalam},
  title     = {Mining for Outliers in Sequential Databases},
  booktitle = {Proceedings of the Sixth SIAM International Conference on Data Mining,
               Bethesda, Maryland, USA},
  year      = {2006},
  pages     = {},
}

@article{sunc06-2,
  author    = {Sanjay Chawla and
               Pei Sun },
  title     = {SLOM: A new measure for local spatial outliers},
  journal   = {Knowledge and Information Systems},
  volume    = {9},
  number    = {4},
  year      = {2006},
  pages     = {412-429}
}

@inproceedings{arunasalam04,
  author    = {Bavani Arunasalam and
               Sanjay Chawla and
               Pei Sun and
               Robert Munro},
  title     = {Mining Complex Relationships in the SDSS SkyServer Spatial Database},
  booktitle = {Proceedings of the 28th International Computer Software and Applications Conference
               (COMPSAC 2004), Design and Assessment of Trustworthy Software-Based
               Systems, Hong Kong, China},
  year      = {2004},
  pages     = {142-145},
}

@inproceedings{Arunasalam05,
  author    = {Bavani Arunasalam and
               Sanjay Chawla and
               Pei Sun},
  title     = {Striking Two Birds With One Stone: Simultaneous Mining of
               Positive and Negative Spatial Patterns},
  booktitle = {Proceedings of the Fifth SIAM International Conference on Data Mining,
               CA, USA},
  year      = {2005},
  pages     = {},
}

@inproceedings{Munro03,
  author    = {Robert Munro and
               Sanjay Chawla and
               Pei Sun},
  title     = {Complex Spatial Relationships.},
  booktitle = {Proceedings of the Third IEEE International Conference on Data Mining (ICDM'03),
               Melbourne, Florida, USA},
  year      = {2003},
  pages     = {227-234}
}




@inproceedings{ zaki00,
  author    = {Mohammed Javeed Zaki},
  title     = {Sequence Mining in Categorical Domains: Incorporating Constraints},
  booktitle = {CIKM},
  pages     = {422-429},
  year      = {2000},
  url       = {citeseer.ist.psu.edu/zaki00sequence.html}
}

@inproceedings{guralnik01,
  author    = {Valerie Guralnik and
               Nivea Garg and
               George Karypis},
  title     = {Parallel Tree Projection Algorithm for Sequence Mining},
  booktitle = {Parallel Processing, 7th International Euro-Par
               Conference Manchester, UK },
  year      = {2001},
  pages     = {310-320}
}

@inproceedings{king00,
  author    ={Ross D. King and
              Andreas Karwath and
              Amanda J. Clare and
              Luc Dehaspe},
  title     ={Genome scale prediction of protein functional class from sequence using data mining},
  Booktitle ={The Sixth ACM SIGKDD International Conference on Knowledge Discovery and Data Mining},
  publisher ={The Association for Computing Machinery},
  address   ={New York, USA},
  pages     ={384--389},
  year      ={2000}
}

@article{malde03,
  author    = {Ketil Malde and
               Eivind Coward and
               Inge Jonassen},
  title     = {Fast Sequence Clustering Using A Suffix Array Algorithm},
  journal   = {Bioinformatics},
  volume    = {19},
  number    = {10},
  year      = {2003},
  pages     = {1221-1226},
  bibsource = {DBLP, http://dblp.uni-trier.de}
}





@inproceedings{kou04,
  author    = {Yufeng Kou and
               Chang-Tien Lu and
               Sirirat Sirwongwattana and
               Yo-Ping Huang},
  title     = {Survey of Fraud Detection Techniques},
  booktitle = {Proceedings of the 2004 IEEE International Conference on
               Networking, Sensing & Control, Taipei, Taiwan},
  year      = {2004},
}


@inproceedings{lazarevic03,
  author    = {Aleksandar Lazarevic and
               Levent Ert{\"o}z and
               Vipin Kumar and
               Aysel Ozgur and
               Jaideep Srivastava},
  title     = {A Comparative Study of Anomaly Detection Schemes in Network
               Intrusion Detection},
  booktitle = {SDM},
  year      = {2003},
  ee        = {http://www.siam.org/meetings/sdm03/proceedings/sdm03_03.pdf},
  bibsource = {DBLP, http://dblp.uni-trier.de}
}

@phdthesis{Bejeranothesis,
    author    = {Gill Bejerano},
    title     = {Automata Learning and Stochastic Modeling for Biosequence Analysis},
    school    = {Hebrew University},
    year      = {2003}
}

@book{ash90,
    author    = {Robert Ash},
    title     = {Information Theory},
    publisher = {Dover Publications },
    year      = {1990}
}

@inproceedings{kahveci01,
  author    = {Tamer Kahveci and
               Ambuj K. Singh},
  title     = {Efficient Index Structures for String Databases},
  booktitle = {Proceedings of the 27th International Conference on Very Large Data Bases},
  year      = {2001},
  pages     = {351-360},
  ee        = {http://www.vldb.org/conf/2001/P351.pdf},
  bibsource = {DBLP, http://dblp.uni-trier.de}
}

@inproceedings{apostolico00,
  author    = {Alberto Apostolico and
               Gill Bejerano},
  title     = {Optimal amnesic probabilistic automata or how to learn and
               classify proteins in linear time and space},
  booktitle = {Proceedings of the fourth annual international conference on Computational molecular biology},
  year      = {2000},
  pages     = {25-32},
  location = {Tokyo, Japan},
  ee        = {http://doi.acm.org/10.1145/332306.332321},
  bibsource = {DBLP, http://dblp.uni-trier.de}
}

@inproceedings{suns04,
  author    = {Zhaohui Sun and
               Jitender S. Deogun},
  title     = {Local Prediction Approach for Protein Classification using
               Probabilistic Suffix Trees},
  booktitle = {Proceedings of the second conference on Asia-Pacific bioinformatics},
  year      = {2004},
  pages     = {357-362},
  location  = {Dunedin, New Zealand},
  ee        = {http://crpit.com/confpapers/CRPITV29Sun.pdf},
  bibsource = {DBLP, http://dblp.uni-trier.de}
}

@inproceedings{yang03,
  author    = {Jiong Yang and
               Wei Wang},
  title     = {CLUSEQ: Efficient and Effective Sequence Clustering.},
  booktitle = {Proceedings of the 19th International Conference on Data Engineering},
  year      = {2003},
  pages     = {101-112},
  ee        = {http://csdl.computer.org/comp/proceedings/icde/2003/2071/00/20710101abs.htm},
  bibsource = {DBLP, http://dblp.uni-trier.de}
}

@inproceedings{yang02,
  author    = {Jiong Yang and
               Wei Wang},
  title     = {Towards Automatic Clustering of Protein Sequences},
  booktitle = {Proceedings of the IEEE Computer Society Conference on Bioinformatics},
  year      = {2002},
  pages     = {175-186},
  ee        = {http://csdl.computer.org/comp/proceedings/csb/2002/1653/00/16530175abs.htm},
  bibsource = {DBLP, http://dblp.uni-trier.de}
}

@article{ron96,
  author    = {Dana Ron and
               Yoram Singer and
               Naftali Tishby},
  title     = {The Power of Amnesia: Learning Probabilistic Automata with
               Variable Memory Length},
  journal   = {Machine Learning},
  volume    = {25},
  number    = {2-3},
  year      = {1996},
  pages     = {117-149},
  bibsource = {DBLP, http://dblp.uni-trier.de}
}

@article{bejerano01,
  author    = {Gill Bejerano and
               Golan Yona},
  title     = {Variations on probabilistic suffix trees: statistical modeling
               and prediction of protein families},
  journal   = {Bioinformatics},
  volume    = {17},
  number    = {1},
  year      = {2001},
  pages     = {23-43},
  bibsource = {DBLP, http://dblp.uni-trier.de}
}

@inproceedings{bejerano99,
  author    = {Gill Bejerano and
               Golan Yona},
  title     = {Modeling protein families using probabilistic suffix trees},
  booktitle = {Proceedings of the third annual international conference on Computational molecular biology},
  year      = {1999},
  pages     = {15-24},
  location = {Lyon, France},
  ee        = {http://doi.acm.org/10.1145/299432.299445},
  bibsource = {DBLP, http://dblp.uni-trier.de}
}

@inproceedings{ guralnik01,
  author    = {Valerie Guralnik and
               George Karypis},
  title     = {A Scalable Algorithm for Clustering Sequential Data},
  booktitle = {Proceedings of the 2001 IEEE International Conference on Data Mining},
  pages     = {179-186},
  year      = {2001},
  url       = {citeseer.csail.mit.edu/guralnik01scalable.html}
}

@article{ukkonen95,
  author    = {Esko Ukkonen},
  title     = {On-Line Construction of Suffix Trees},
  journal   = {Algorithmica},
  volume    = {14},
  number    = {3},
  year      = {1995},
  pages     = {249-260},
  bibsource = {DBLP, http://dblp.uni-trier.de}
}

@inproceedings{ukkonen92,
  author    = {Esko Ukkonen},
  title     = {Constructing Suffix Trees On-Line in Linear Time},
  booktitle = {Proceedings of the IFIP 12th World Computer Congress on Algorithms, Software,
               Architecture - Information Processing '92, Volume 1},
  year      = {1992},
  pages     = {484-492},
  crossref  = {DBLP:conf/ifip/1992-1},
  bibsource = {DBLP, http://dblp.uni-trier.de}
}

@inproceedings{ aggarwal01,
    author    = {Charu C. Aggarwal and
                         Philip S. Yu},
    title     = {Outlier Detection for High Dimensional Data},
    booktitle = {Proceedings of the 2000 ACM SIGMOD International Conference on
                 Management of Data, Santa Barbara, California, USA},
    year      = {2001}
}

@inproceedings{bay03,
  author    = {Stephen D. Bay and
               Mark Schwabacher},
  title     = {Mining distance-based outliers in near linear time with
               randomization and a simple pruning rule},
  booktitle = {International Conference
               on Knowledge Discovery and Data Mining (KDD)},
  year      = {2003}
}

@inproceedings{breunig00,
        author    = {Markus M. Breunig and
                 Hans-Peter Kriegel and
                 Raymond T. Ng and
                 J{\"o}rg Sander},
        title     = {LOF: Identifying Density-Based Local Outliers},
        booktitle = {Proceedings of the 2000 ACM SIGMOD International Conference on
                     Management of Data, Dallas, Texas, USA},
        publisher = {ACM},
        year      = {2000},
        isbn      = {1-58113-218-2},
        pages     = {93-104},
        ee    = {db/conf/sigmod/BreunigKNS00.html}
}

@inproceedings{ fabrizio02,
        author    = {Fabrizio Angiulli and
                     Clara Pizzuti},
        title     = {Fast Outlier Detection in High Dimensional Spaces},
        booktitle = {Proceedings of the 6th European Conference on Principles and Practice
                     of Knowledge Discovery in Databases (PKDD)},
        year      = {2002}
}

@inproceedings{knorr97,
        author    = {Edwin M. Knorr and
                     Raymond T. Ng},
        title     = {A Unified Notion of Outliers: Properties and Computation},
        booktitle = {Proceedings of the Third International Conference on Knowledge Discovery
               and Data Mining},
        publisher = {AAAI Press},
        year      = {1997},
        isbn      = {1-57735-027-8},
        pages     = {219-222}
}

@inproceedings{knorr98,
  author    = {Edwin M. Knorr and
               Raymond T. Ng},
  title     = {Algorithms for Mining Distance-Based Outliers in Large Datasets},
  booktitle = {Proceedings of the 24rd International Conference on Very Large Data Bases},
  year      = {1998},
  pages     = {392-403},
  ee        = {db/conf/vldb/KnorrN98.html},
  bibsource = {DBLP, http://dblp.uni-trier.de}
}

@inproceedings{knorr99,
        author    = {Edwin M. Knorr and
                     Raymond T. Ng},
        title     = {Finding Intensional Knowledge of Distance-Based Outliers},
        booktitle = {Proceedings of 25th International Conference on Very
                     Large Data Bases},
        publisher = {Morgan Kaufmann},
        year      = {1999},
        isbn      = {1-55860-615-7},
        pages     = {211-222},
}

@inproceedings{mettu02cluster,
        author    = {Mettu, R. R. and
                           Plaxton, C. G.},
        title     = {Optimal Time Bounds for Approximate Clustering},
        booktitle = {Proceedings of the 18th Conference on Uncertainty in
                           Artificial Intelligence},
        year      = {2002},
        month     = {August},
        pages     = {344--351},
}

@inproceedings{papadimitriou,
        author    = {Spiros Papadimitriou and
              Hiroyuki Kitagawa and
              Phillip B. Gibbons and
              Christos Faloutsos},
        title     = {LOCI: Fast Outlier Detection Using the Local Correlation Integral},
        booktitle = {Proceedings of the 19th International Conference on Data Engineering},
        year      = {2003},
        month     = {March},
        pages     = {315-328},
}

@inproceedings{ramaswamy00,
  author    = {Sridhar Ramaswamy and
               Rajeev Rastogi and
               Kyuseok Shim},
  title     = {Efficient Algorithms for Mining Outliers from Large Data
               Sets},
  booktitle = {Proceedings of the 2000 ACM SIGMOD international conference on Management of data},
  year      = {2000},
  pages     = {427-438},
  location = {Dallas, Texas, United States},
  ee        = {db/conf/sigmod/RamaswamyRS00.html},
  bibsource = {DBLP, http://dblp.uni-trier.de}
}

@inproceedings{ beyer99,
  author    = {Kevin Beyer and
               Jonathan Goldstein and
               Raghu Ramakrishnan and
               Uri Shaft},
  title     = {When Is ``Nearest Neighbor'' Meaningful?},
  booktitle = {Proceedings of 7th International Conference on Database Theory (ICDT'99)},
  pages = "217--235",
  year = "1999"
}



@inproceedings{changtien03-icdm,
        author    = {Chang-Tien Lu and
                          Dechang Chen and
                          Yufeng Kou},
        title     = {Algorithms for Spatial Outlier Detection},
        booktitle = {Proceedings of the 3rd IEEE International Conference on Data
               Mining (ICDM 2003), Melbourne, Florida,
               USA},
        publisher = {IEEE Computer Society},
        year      = {2003},
        isbn      = {0-7695-1978-4},
        pages     = {597-600}
}

@inproceedings{changtien03-ictai,
        author    = {Chang-Tien Lu and
                          Dechang Chen and
                          Yufeng Kou},
        title     = {Detecting Spatial Outliers with Multiple Attributes},
        booktitle = {Proceedings of 15th IEEE International Conference on Tools with Artificial Intelligence
                          (ICTAI 2003), Sacramento, California, USA},
        publisher = {IEEE Computer Society},
        year      = {2003},
        isbn      = {0-7695-2038-3},
        pages     = {122-128}
}


@inproceedings{shekhar01,
        author    = {Shashi Shekhar and
                           Chang-Tien Lu and
                           Pusheng Zhang},
        title     = {Detecting graph-based spatial outliers: algorithms and applications (a summary of results)},
        booktitle = {Proceedings of the Seventh ACM SIGKDD International Conference
               on Knowledge Discovery and Data Mining,
               San Francisco, CA, USA. ACM, 2001 },
        publisher = {},
        year      = {2001},
        isbn      = {},
        pages     = {371-376}
}

@inproceedings{guttman84,
        author    = {Antonin Guttman},
        title     = {R-Trees: A Dynamic Index Structure for Spatial Searching},
        booktitle = {Proceedings of Annual Meeting, Boston, Massachusetts},
        publisher = {ACM Press},
        year      = {1984},
        pages     = {47-57},
}

@inproceedings{berchtold96,
        author    = {Stefan Berchtold and
               Daniel A. Keim and
               Hans-Peter Kriegel},
        title     = {The X-tree : An Index Structure for High-Dimensional Data},
        booktitle = {Proceedings of 22th International Conference on Very
               Large Data Bases, Mumbai (Bombay), India},
        publisher = {Morgan Kaufmann},
        year      = {1996},
        isbn      = {1-55860-382-4},
        pages     = {28-39},
        ee    = {db/conf/vldb/BerchtoldKK96.html},
        bibsource = {DBLP, http://dblp.uni-trier.de}
}

@inproceedings{tukey75,
    author    = {John W. Tukey},
    title     = {Mathematics and the picturing of data},
    booktitle = {Proceedings of the International Congress of Mathematicians, Vancouver, vol 2},
    year      = {1975},
    pages     = {523-531}
}

@InProceedings{leon04,
  author       = {Elizabeth Leon and
                  Olfa Nasraoui and
                  Jonatan Gomez},
  title        = {Anomaly Detection based on Unsupervised Niche Clustering with Application
                  to Network Intrusion Detection},
  booktitle    = {Proceedings of the Congress of Evolutionary Computation (CEC)},
  year         = {2004}
}

@article{aggarwal05,
  author    = {Charu C. Aggarwal and
               Philip S. Yu},
  title     = {An effective and efficient algorithm for high-dimensional
               outlier detection.},
  journal   = {VLDB J.},
  volume    = {14},
  number    = {2},
  year      = {2005},
  pages     = {211-221}
}



@article{knorr00,
        author    = {Edwin M. Knorr and
               Raymond T. Ng and
               Vladimir Tucakov},
        title     = {Distance-Based Outliers: Algorithms and Applications},
        journal   = {VLDB Journal},
        volume    = {8},
        number    = {3-4},
        year      = {2000},
        pages     = {237-253}
}

@article{ kollios02,
        author    = {George Kollios and
                            Dimitrios Gunopulos and
                            Nick Koudas and
                            Stefan Berchtold},
        title     = {Efficient Biased Sampling for Approximate Clustering and Outlier Detection
                        in Large Datasets},
        journal   = {IEEE Transactions on Knowledge and Data Engineering},
        year      = {2003}
}


@article{stolfo,
        author    = {S. Stolfo and
                            W. Lee and
                            P. Chan and
                            F. Fan and
                            E. Eskin},
        title     = {Data Mining-based Instrusion Detectors: An Overview of
                            Columbia IDS Projects},
        journal   = {SIGMOD Record},
        year      = {2001},
        volume    = {30},
        number    = {4},
        pages     = {5-14},
}

@article{shekhar03,
        author    = {Shashi Shekhar and
                            Chang-Tien Lu and
                            Pusheng Zhang},
        title     = {A Unified Approach to Detecting Spatial Outliers},
        journal   = {GeoInformatica},
        year      = {2003},
        volume    = {7},
        number    = {2},
        pages     = {139-166}
}

@article{bentley75,
        author    = {Jon Louis Bentley},
        title     = {Multidimensional Binary Search Trees Used for Associative Searching},
        journal   = {Commun. ACM},
        volume    = {18},
        number    = {9},
        year      = {1975},
        pages     = {509-517},
        ee    = {db/journals/cacm/Bentley75.html},
        bibsource = {DBLP, http://dblp.uni-trier.de}
}

@article{cheng06,
 author  = {Cheng, Tao and Li, Zhilin },
 title   = {A Multiscale Approach for Spatio-Temporal Outlier Detection},
 journal = {Transactions in GIS},
 volume  = {10 (2)},
 year    = {2006},
 pages   = {253-263}
 }


@article{rousseeuw96,
 author  = {Peter J. Rousseeuw and Ida Ruts},
 title   = {Bivariate Location Depth},
 journal = {Applied Statistics},
 volume  = {45},
 year    = {1996},
 pages   = {516--526}
 }

@article{rousseeuw99,
 author  = {Peter J. Rousseeuw and K Van Driessen},
 title   = {A fast algorithm for the minimum covariance deteriminant
 estimator},
 journal = {Technometrics},
 volume  = {41},
 year    = {1999},
 pages   = {212-223}
 }


@book{tan05,
        author    = {Pang-Ning Tan and Michael Steinbach and Vipin Kumar },
        title     = {Introduction to Data Mining},
        publisher = {Addison-Wesley},
        isbn      = {},
        year      = {2005}
}

@book{Shekhar,
        author    = {Shashi Shekhar and
                     Sanjay Chawla},
        title     = {Spatial Databases: A Tour},
        publisher = {Prentice Hall},
        isbn      = {0-13-017480-7},
        year      = {2003}
}

@book{ barnett,
    author    = {Vic Barnett and
               Toby Lewis},
    title     = {Outliers in Statistical Data},
    publisher = {John Wiley {\&} Sons},
    year      = {1994}
}

@book{ Rousseeuw,
    author    = {Peter J. Rousseeuw and
                 Annick M. Leroy},
    title     = {Robust Regression and Outlier Detection},
    publisher = {John Wiley {\&} Sons},
    year      = {2003}
}

@book{tukey77,
    author    = {John W. Tukey},
    title     = {Exploratory Data Analysis},
    publisher = {Addison-Wesley},
    year      = {1977}
}

@book{Scott,
    author    = {David W. Scott},
    title     = {Multivariate Density Estimation : Theory, Practice, and Visualization},
    publisher = {Wiley Interscience},
    year      = {1992}
}

@book{Bellman,
    author    = {Richard Ernest Bellman},
    title     = {Adaptive Control Processes: A Guided Tour},
    publisher = {Princeton University Press},
    year      = {1961}
}

@book{hawkins,
    author    = {D. Hawkins},
    title     = {Identification of Outliers},
    publisher = {Chapman and Hall, London},
    year      = {1980}
}

@book{wilcox,
    author    = {R. Wilcox},
    title     = {Applying Contemporary Statistical Techniques},
    publisher = {Elseiver Science},
    year      = {2003}
}

@book{taylor05,
    author    = {John Shawne-Taylor and Nello Cristianini},
    title     = {Kernel Mofoethods for Pattern Analysis},
    publisher = {Cambridge},
    year      = {2005}
}

@phdthesis{ramgopal,
    author    = {Ramgopal R. Mettu},
    title     = {Approximation Algorithm for NP-hard Clustering Problem},
    school    = {The University of Texas},
    year      = {2002}
}

@misc{ucikdd99,
    author    = {Hettich, S. and Bay, S. D.},
    title     = {The UCI KDD Archive [http://kdd.ics.uci.edu]. Irvine, CA: University
                             of California, Department of Information and Computer Science},
    year      = {1999}
}

@misc{ portnoy01,
    author    = {Leonid Portnoy and
                 Eleazar Eskin
                 and Sal Stolfo },
    title     =  {Intrusion detection with unlabeled data using clustering},
    howpublished = {ACM Workshop on Data Mining Applied to Security},
    year = {2001}
}



@inproceedings{mcphadden,
author = "McPhadden, M.",
title = "El Nino and La Nina: Causes and Global Consequences",
booktitle = "Encyclopedia of Global Environmental Change",
year = "2002",
pages = "353-370",
}
@book{barnett,
    author    = {Barnett, V. and Lewis, T.},
    title     = {Outliers in Statistical Data},
    publisher = {John Wiley and Sons},
    year      = {1994}
}


}
@inproceedings{lakhina,
 author = {Lakhina, Anukool and Crovella, Mark and Diot, Christophe},
 title = {Diagnosing network-wide traffic anomalies},
 booktitle = {SIGCOMM '04: Proceedings of the 2004 conference on Applications, technologies, architectures, and protocols for computer communications},
 year = {2004},
 isbn = {1-58113-862-8},
 pages = {219--230},
 location = {Portland, Oregon, USA},
 doi = {http://doi.acm.org/10.1145/1015467.1015492},
 publisher = {ACM},
 address = {New York, NY, USA},
 }
 @inproceedings{lazarevic,
  author    = {Aleksandar Lazarevic and
               Levent Ert{\"o}z and
               Vipin Kumar and
               Aysel Ozgur and
               Jaideep Srivastava},
  title     = {A Comparative Study of Anomaly Detection Schemes in Network
               Intrusion Detection},
  booktitle = {SDM},
  year      = {2003},
  ee        = {http://www.siam.org/meetings/sdm03/proceedings/sdm03_03.pdf},   
}
@book{chung1997,
   Author = {Chung, F.},
   Title = {Spectral Graph Theory. CBMS Regional Conference Series},
   Publisher = {Conference Board of the Mathematical Sciences, Washington},
   number = {92},
   Year = {1997} }

@article{fouss2007,
   Author = {Fouss, Francois and Renders, Jean-Michel},
   Title = {Random-Walk Computation of Similarities between Nodes of a Graph with Application to Collaborative Recommendation},
   Journal = {IEEE Transaction on Knowledge and Data Engineering},
   Volume = {19},
   Number = {3},
   Pages = {355-369},
      Year = {2007} }
@book{marchette,
Author={Marchette, D.J},
Title={Computer Network Intrusion Detection and Network Monitoring. A Statistical Viewpoint},
Publisher={Springer},
Year={2001}
}
@inproceedings{oberheide,
  author    = {Jon Oberheide and
               Evan Cooke and
               Farnam Jahanian},
  title     = {CloudAV: N-Version Antivirus in the Network Cloud},
  booktitle = {USENIX Security Symposium},
  year      = {2008},
  pages     = {91-106},
  ee        = {http://www.usenix.org/events/sec08/tech/full_papers/oberheide/oberheide.pdf},
  bibsource = {DBLP, http://dblp.uni-trier.de}
}
@inproceedings{lims,
 author = {Lim, Shu Yun and Jones, Andy},
 title = {Network Anomaly Detection System: The State of Art of Network Behaviour Analysis},
 booktitle = {ICHIT '08: Proceedings of the 2008 International Conference on Convergence and Hybrid Information Technology},
 year = {2008},
 isbn = {978-0-7695-3328-5},
 pages = {459--465},
 doi = {http://dx.doi.org/10.1109/ICHIT.2008.249},
 publisher = {IEEE Computer Society},
 address = {Washington, DC, USA},
 }
@inproceedings{deVries1,
author={de Vries, Timothy and Chawla, Sanjay and Houle, Michael},
title={Finding Local Anomalies in Very High Dimensional Space},
booktitle={In Proceedings of the 10th IEEE International Conference on
Data Mining (ICDM)(Best Paper Award)},
year={2010},
address={Sydney, Australia},
pages={128-137}
}
@inproceedings{khoanetwork,
  author    = {Nguyen Lu Dang Khoa and
               Tahereh Babaie and
               Sanjay Chawla and
               Zainab Zaidi},
  title     = {Network Anomaly Detection Using a Commute Distance Based
               Approach},
  booktitle = {ICDM Workshops},
  year      = {2010},
  pages     = {943-950},
  ee        = {http://dx.doi.org/10.1109/ICDMW.2010.90},
  crossref  = {DBLP:conf/icdm/2010w},
  bibsource = {DBLP, http://dblp.uni-trier.de}
}

@inproceedings{khoacommute,
  author    = {Nguyen Lu Dang Khoa and
               Sanjay Chawla},
  title     = {Robust Outlier Detection Using Commute Time and Eigenspace
               Embedding},
  booktitle = {PAKDD (2)},
  year      = {2010},
  pages     = {422-434},
  ee        = {http://dx.doi.org/10.1007/978-3-642-13672-6_41},
  crossref  = {DBLP:conf/pakdd/2010-2},
  bibsource = {DBLP, http://dblp.uni-trier.de}
}
@inproceedings{DBLP:conf/icdm/KhoaBCZ10,
  author    = {Nguyen Lu Dang Khoa and
               Tahereh Babaie and
               Sanjay Chawla and
               Zainab Zaidi},
  title     = {Network Anomaly Detection Using a Commute Distance Based
               Approach},
  booktitle = {ICDM Workshops},
  year      = {2010},
  pages     = {943-950},
  ee        = {http://dx.doi.org/10.1109/ICDMW.2010.90},
  crossref  = {DBLP:conf/icdm/2010w},
  bibsource = {DBLP, http://dblp.uni-trier.de}
}
@techreport{idc,
author ={J. Gantz and D. Reinsel and C. Chute and W. Schilichting and J. McArthur and S. Minton and I. Xheneti and A. Toncheva and A. Manfrediz},
title={The Expanding Digital Universe},
year={2007},
institution={EMC}
}

@inproceedings{nguyen,
  author    = {Nguyen Lu Dang Khoa and
               Sanjay Chawla},
  title     = {Robust Outlier Detection Using Commute Time and Eigenspace
               Embedding},
  booktitle = {PAKDD (2)},
  year      = {2010},
  pages     = {422-434},
  ee        = {http://dx.doi.org/10.1007/978-3-642-13672-6_41},
  crossref  = {DBLP:conf/pakdd/2010-2},
  bibsource = {DBLP, http://dblp.uni-trier.de}
}

@inproceedings{deVries,
  author    = {Timothy de Vries and
               Sanjay Chawla and
               Michael E. Houle},
  title     = {Finding Local Anomalies in Very High Dimensional Space},
  booktitle = {Proceedings of IEEE International Conference on Data Mining (ICDM)},
  year      = {2010 (Best Paper Award)},
  pages     = {128-137},
  ee        = {http://dx.doi.org/10.1109/ICDM.2010.151},
  crossref  = {DBLP:conf/icdm/2010},
  bibsource = {DBLP, http://dblp.uni-trier.de}
}

@inproceedings{kumardipole,
  author    = {Jaya Kawale and 
	       Michael Steinbach and 
               Vipin Kumar },
  title     = {Discovering Dynamic Dipoles in Climate Data},
  booktitle = {SDM},
  year      = {2011},
  pages ={107-118}
}


@article{recht2010guaranteed,
  title={Guaranteed minimum-rank solutions of linear matrix equations via nuclear norm minimization},
  author={Recht, Benjamin and Fazel, Maryam and Parrilo, Pablo A},
  journal={SIAM review},
  volume={52},
  number={3},
  pages={471--501},
  year={2010},
  publisher={SIAM}
}
